<record><leader>00000cas a22000007a 4500</leader><controlfield tag="001">20404436</controlfield><controlfield tag="008">890927d18911914mouwr ne      0    0eng d</controlfield><datafield ind1=" " ind2=" " tag="010"><subfield code="a">sn 89066862 </subfield></datafield><datafield ind1=" " ind2=" " tag="040"><subfield code="a">MQN</subfield><subfield code="b">eng</subfield><subfield code="c">MQN</subfield><subfield code="d">OCLCQ</subfield></datafield><datafield ind1=" " ind2=" " tag="042"><subfield code="a">msc</subfield></datafield><datafield ind1="0" ind2=" " tag="130"><subfield code="a">Conway record (Conway, Mo.)</subfield></datafield><datafield ind1="1" ind2="4" tag="245"><subfield code="a">The Conway record.</subfield></datafield><datafield ind1=" " ind2=" " tag="260"><subfield code="a">Conway, Mo. :</subfield><subfield code="b">E.M. Griswold</subfield></datafield><datafield ind1=" " ind2=" " tag="300"><subfield code="a">v.</subfield></datafield><datafield ind1=" " ind2=" " tag="310"><subfield code="a">Weekly</subfield></datafield><datafield ind1="1" ind2=" " tag="362"><subfield code="a">Began in 1891? Ceased in 1914.</subfield></datafield><datafield ind1=" " ind2=" " tag="588"><subfield code="a">Description based on: Vol. 24, no. 11 (Apr. 16, 1914).</subfield></datafield><datafield ind1=" " ind2=" " tag="752"><subfield code="a">United States</subfield><subfield code="b">Missouri</subfield><subfield code="c">Laclede</subfield><subfield code="d">Conway.</subfield></datafield><datafield ind1="0" ind2="0" tag="785"><subfield code="t">Conway weekly record</subfield><subfield code="w">(DLC)sn 89066863</subfield></datafield></record>